

@article{plowright2019sampling,
  title={Sampling to elucidate the dynamics of infections in reservoir hosts},
  author={Plowright, Raina K and Becker, Daniel J and McCallum, Hamish and Manlove, Kezia R},
  journal={Philosophical Transactions of the Royal Society B},
  volume={374},
  number={1782},
  pages={20180336},
  year={2019},
  publisher={The Royal Society}
}

@article{plowright2017pathways,
  title={Pathways to zoonotic spillover},
  author={Plowright, Raina K and Parrish, Colin R and McCallum, Hamish and Hudson, Peter J and Ko, Albert I and Graham, Andrea L and Lloyd-Smith, James O},
  journal={Nature Reviews Microbiology},
  volume={15},
  number={8},
  pages={502--510},
  year={2017},
  publisher={Nature Publishing Group}
}

@article{colon2001estimating,
  title={Estimating prevalence using composites},
  author={Col{\'o}n, Silvestre and Patil, Ganapati P and Taillie, Charles},
  journal={Environmental and Ecological Statistics},
  volume={8},
  number={3},
  pages={213--236},
  year={2001},
  publisher={Springer}
}

@article{dorfman1943detection,
  title={The detection of defective members of large populations},
  author={Dorfman, Robert},
  journal={The Annals of Mathematical Statistics},
  volume={14},
  number={4},
  pages={436--440},
  year={1943},
  publisher={JSTOR}
}

@article{kuiken2005pathogen,
  title={Pathogen surveillance in animals},
  author={Kuiken, Thijs and Leighton, Frederick A and Fouchier, Ron AM and LeDuc, James W and Peiris, Joseph S Malik and Schudel, Alejandro and St{\"o}hr, Klaus and Osterhaus, ADME},
  journal={Science},
  volume={309},
  number={5741},
  pages={1680--1681},
  year={2005},
  publisher={American Association for the Advancement of Science}
}

@article{hoegh2021estimating,
  title={Estimating Viral Prevalence with Data Integration for Adaptive Two-Phase Pooled Sampling},
  author={Hoegh, Andrew and Peel, Alison and Madden, Wyatt and Ruiz-Aravena, Manuel and Morris, Aaron and Washburne, Alex and Plowright, Raina},
  year={2021}
}

@article{semenza2016determinants,
  title={Determinants and drivers of infectious disease threat events in Europe},
  author={Semenza, Jan C and Lindgren, Elisabet and Balkanyi, Laszlo and Espinosa, Laura and Almqvist, My S and Penttinen, Pasi and Rockl{\"o}v, Joacim},
  journal={Emerging infectious diseases},
  volume={22},
  number={4},
  pages={581},
  year={2016},
  publisher={Centers for Disease Control and Prevention}
}

@article{zhang2021covid,
  title={COVID-19 pandemic with human mobility across countries},
  author={Zhang, Cheng and Qian, Li-Xian and Hu, Jian-Qiang},
  journal={Journal of the Operations Research Society of China},
  volume={9},
  number={2},
  pages={229--244},
  year={2021},
  publisher={Springer}
}

@article{mackenzie2020covid,
  title={COVID-19—a novel zoonotic disease: a review of the disease, the virus, and public health measures},
  author={Mackenzie, John S and Smith, David W},
  journal={Asia Pacific Journal of Public Health},
  volume={32},
  number={4},
  pages={145--153},
  year={2020},
  publisher={Sage Publications Sage CA: Los Angeles, CA}
}

@article{bish2021robust,
  title={A robust pooled testing approach to expand COVID-19 screening capacity},
  author={Bish, Douglas R and Bish, Ebru K and El-Hajj, Hussein and Aprahamian, Hrayer},
  journal={Plos one},
  volume={16},
  number={2},
  pages={e0246285},
  year={2021},
  publisher={Public Library of Science San Francisco, CA USA}
}

@article{garg2021evaluation,
  title={Evaluation of sample pooling for diagnosis of {COVID}-19 by real time-{PCR}: A resource-saving combat strategy},
  author={Garg, Jaya and Singh, Vikramjeet and Pandey, Pranshu and Verma, Ashish and Sen, Manodeep and Das, Anupam and Agarwal, Jyotsna},
  journal={Journal of medical virology},
  volume={93},
  number={3},
  pages={1526--1531},
  year={2021},
  publisher={Wiley Online Library}
}

@article{bell2004animal,
  title={Animal origins of SARS coronavirus: possible links with the international trade in small carnivores},
  author={Bell, Diana and Roberton, Scott and Hunter, Paul R},
  journal={Philosophical Transactions of the Royal Society of London. Series B: Biological Sciences},
  volume={359},
  number={1447},
  pages={1107--1114},
  year={2004},
  publisher={The Royal Society}
}

@article{kumakamba2021coronavirus,
  title={Coronavirus surveillance in wildlife from two {Congo} basin countries detects {RNA} of multiple species circulating in bats and rodents},
  author={Kumakamba, Charles and Niama, Fabien R and Muyembe, Francisca and Mombouli, Jean-Vivien and Kingebeni, Placide Mbala and Nina, Rock Aime and Lukusa, Ipos Ngay and Bounga, Gerard and N’Kawa, Frida and Nkoua, Cynthia Goma and others},
  journal={PloS one},
  volume={16},
  number={6},
  pages={e0236971},
  year={2021},
  publisher={Public Library of Science San Francisco, CA USA}
}

@article{fox2021response,
  title={Response to a {COVID}-19 outbreak on a University Campus—{I}ndiana, {A}ugust 2020},
  author={Fox, Mark D and Bailey, David C and Seamon, Michael D and Miranda, Marie Lynn},
  journal={Morbidity and Mortality Weekly Report},
  volume={70},
  number={4},
  pages={118},
  year={2021},
  publisher={Centers for Disease Control and Prevention}
}

@misc{ndcovid,
  year={2021},
  author = {{University of Notre Dame}},
  title = {COVID-19 Protocols and Policies: Fall 2020 Data},
  url    = {https://covid.nd.edu/dashboard/fall-2020-data/},
  urldate  = {2021-07-25}
}


@article{filippone2013comparative,
  title={A comparative evaluation of stochastic-based inference methods for {G}aussian process models},
  author={Filippone, Maurizio and Zhong, Mingjun and Girolami, Mark},
  journal={Machine Learning},
  volume={93},
  number={1},
  pages={93--114},
  year={2013},
  publisher={Springer}
}

@article{carpenter2017stan,
  title={Stan: A probabilistic programming language},
  author={Carpenter, Bob and Gelman, Andrew and Hoffman, Matthew D and Lee, Daniel and Goodrich, Ben and Betancourt, Michael and Brubaker, Marcus and Guo, Jiqiang and Li, Peter and Riddell, Allen},
  journal={Journal of statistical software},
  volume={76},
  number={1},
  pages={1--32},
  year={2017}
}

@article{becker2021ecological,
  title={Ecological conditions experienced by bat reservoir hosts predict the intensity of Hendra virus excretion over space and time},
  author={Becker, Daniel and Eby, Peggy and Madden, Wyatt and Peel, Alison and Plowright, Raina},
  journal={bioRxiv},
  year={2021},
  publisher={Cold Spring Harbor Laboratory}
}

@article{swallow1985group,
  title={Group testing for estimating infection rates and probabilities of disease transmission},
  author={Swallow, William H},
  journal={Phytopathology (USA)},
  year={1985}
}

@article{reilly1996optimal,
  title={Optimal sampling strategies for two-stage studies},
  author={Reilly, Marie},
  journal={American journal of epidemiology},
  volume={143},
  number={1},
  pages={92--100},
  year={1996},
  publisher={Oxford University Press}
}

@article{letko2020bat,
  title={Bat-borne virus diversity, spillover and emergence},
  author={Letko, Michael and Seifert, Stephanie N and Olival, Kevin J and Plowright, Raina K and Munster, Vincent J},
  journal={Nature Reviews Microbiology},
  volume={18},
  number={8},
  pages={461--471},
  year={2020},
  publisher={Nature Publishing Group}
}

@article{ghosh1994small,
  title={Small area estimation: an appraisal},
  author={Ghosh, Malay and Rao, JNK},
  journal={Statistical science},
  volume={9},
  number={1},
  pages={55--76},
  year={1994},
  publisher={Institute of Mathematical Statistics}
}

@article{pfeffermann2013new,
  title={New important developments in small area estimation},
  author={Pfeffermann, Danny},
  journal={Statistical Science},
  volume={28},
  number={1},
  pages={40--68},
  year={2013},
  publisher={Institute of Mathematical Statistics}
}

@article{rao1994small,
  title={Small-area estimation by combining time-series and cross-sectional data},
  author={Rao, JNK and Yu, Mingyu},
  journal={Canadian Journal of Statistics},
  volume={22},
  number={4},
  pages={511--528},
  year={1994},
  publisher={Wiley Online Library}
}

@article{molina2014small,
  title={Small area estimation of general parameters with application to poverty indicators: A hierarchical Bayes approach},
  author={Molina, Isabel and Nandram, Balgobin and Rao, JNK},
  journal={The Annals of Applied Statistics},
  volume={8},
  number={2},
  pages={852--885},
  year={2014},
  publisher={Institute of Mathematical Statistics}
}

@article{datta2011bayesian,
  title={Bayesian benchmarking with applications to small area estimation},
  author={Datta, Gauri Sankar and Ghosh, Malay and Steorts, R and Maples, J},
  journal={Test},
  volume={20},
  number={3},
  pages={574--588},
  year={2011},
  publisher={Springer}
}